../../book chapter/Background/bookchapter.bib